@inproceedings{yuan:99,
  author       = {Jen{-}Lun Yuan},
  title        = {Bootstrapping nonparametric feature selection algorithms for mining small data sets},
  booktitle    = {International Joint Conference Neural Networks, {IJCNN} 1999, Washington, DC, USA, July 10-16, 1999},
  pages        = {2526--2529},
  publisher    = {{IEEE}},
  year         = {1999},
  url          = {https://doi.org/10.1109/IJCNN.1999.833470},
  doi          = {10.1109/IJCNN.1999.833470}
}

@inproceedings{pasin:2024,
  author       = {Andrea Pasin and Maurizio Ferrari Dacrema and Paolo Cremonesi and Nicola Ferro},
  editor       = {Nazli Goharian and Nicola Tonellotto and Yulan He and Aldo Lipani and Graham McDonald and Craig Macdonald and Iadh Ounis},
  title        = {QuantumCLEF - Quantum Computing at {CLEF}},
  booktitle    = {Advances in Information Retrieval - 46th European Conference on Information Retrieval, {ECIR} 2024, Glasgow, UK, March 24-28, 2024, Proceedings, Part {V}},
  series       = {Lecture Notes in Computer Science},
  volume       = {14612},
  pages        = {482--489},
  publisher    = {Springer},
  year         = {2024},
  url          = {https://doi.org/10.1007/978-3-031-56069-9\_66},
  doi          = {10.1007/978-3-031-56069-9\_66},
  timestamp    = {Tue, 07 May 2024 20:08:05 +0200},
  biburl       = {https://dblp.org/rec/conf/ecir/PasinDCF24.bib},
  bibsource    = {dblp computer science bibliography, https://dblp.org}
}
